% ==========================================================================
% Books
% ==========================================================================
@book{ciarcia1,
  author         = {Steve Ciarcia},
  publisher      = {BYTE Books/MacGraw-Hill},
  title          = {Build Your Own Z80 Computer, Design Guidelines and Application Notes},
  year           = {1981},
  isbn           = {0070109621},
  pagetotal      = {332},
  language       = {English}
}

@book{morrismano1,
  author         = {M. Morris Mano},
  publisher      = {Prentice-Hall, Inc.},
  title          = {Computer System Architecture},
  year           = {1976},
  isbn           = {0131663631},
  pagetotal      = {478},
  language       = {English}
}

@book{malvino1,
  author         = {Albert P. Malvino},
  publisher      = {Glencoe/MacGraw-Hill},
  title          = {Electronic Principles, 6th Edition},
  year           = {1999},
  isbn           = {9780071156042},
  pagetotal      = {1012},
  language       = {English}
}

@book{malvino2,
  author         = {Albert P. Malvino and Jerald A. Brown},
  publisher      = {Glencoe/MacGraw-Hill},
  title          = {Digital Computer Electronics, Third Edition},
  year           = {1997},
  isbn           = {0028005945},
  pagetotal      = {522},
  language       = {English}
}

% ==========================================================================
% Articles
% ==========================================================================
@article{ciarcia2,
  author          = {Steve Ciarcia},
  journal         = {BYTE, the small systems journal},
  number          = {8},
  title           = {High-Resolution Sprite-Oriented Color Graphics},
  volume          = {7},
  year            = {1982},
  pages           = {57-72},
}

@article{80busnews23,
  author          = {Carl Lloyd-Parker},
  journal         = {80-Bus News},
  number          = {3},
  title           = {NASCOM BASIC Disassembled - Part 1},
  volume          = {2},
  year            = {1983},
  pages           = {27-35},
}

@article{80busnews24,
  author          = {Carl Lloyd-Parker},
  journal         = {80-Bus News},
  number          = {4},
  title           = {NASCOM BASIC Disassembled - Part 2},
  volume          = {2},
  year            = {1983},
  pages           = {23-34},
}

@article{80busnews25,
  author          = {Carl Lloyd-Parker},
  journal         = {80-Bus News},
  number          = {5},
  title           = {NASCOM BASIC Disassembled - Part 3},
  volume          = {2},
  year            = {1983},
  pages           = {31-38},
}

@article{80busnews26,
  author          = {Carl Lloyd-Parker},
  journal         = {80-Bus News},
  number          = {6},
  title           = {NASCOM BASIC Disassembled - Part 4},
  volume          = {2},
  year            = {1983},
  pages           = {31-38},
}

@article{80busnews31,
  author          = {Carl Lloyd-Parker},
  journal         = {80-Bus News},
  number          = {1},
  title           = {NASCOM BASIC Disassembled - Part 5},
  volume          = {3},
  year            = {1984},
  pages           = {23-34},
}

@article{80busnews32,
  author          = {Carl Lloyd-Parker},
  journal         = {80-Bus News},
  number          = {2},
  title           = {NASCOM BASIC Disassembled - Part 6},
  volume          = {3},
  year            = {1984},
  pages           = {23-30},
}

@article{80busnews33,
  author          = {Carl Lloyd-Parker},
  journal         = {80-Bus News},
  number          = {3},
  title           = {NASCOM BASIC Disassembled - Part 7 - The End},
  volume          = {3},
  year            = {1984},
  pages           = {23-30},
}

% ==========================================================================
% Manuals
% ==========================================================================
@manual{ti1,
  author       = {Texas Instruments},
  title        = {Video Display Processors Programmerâ€™s Guide},
  language     = {English}
}

@manual{dastaz80userman,
  author       = {David Asta},
  title        = {dastaZ80 User's Manual},
  year         = {2022},
  language     = {English}
}

@manual{dastaz80techman,
  author       = {David Asta},
  title        = {dastaZ80 Technical Reference Manual},
  year         = {2022},
  language     = {English}
}

@manual{dastaz80progref,
  author       = {David Asta},
  title        = {dastaZ80 Programmer's Reference Guide},
  year         = {2022},
  language     = {English}
}

@manual{ibmbsc,
  author       = {IBM Systems Development Division},
  title        = {General Information - Binary Synchronous Communications},
  edition      = {First},
  language     = {English},
  chapter      = {BSC CONCEPTS - Error Checking},
  pages        = {10-11},
  version      = {A27-3004-0}
}

% ==========================================================================
% Websites
% ==========================================================================
@misc{searle1,
  author         = {Grant Searle},
  howpublished   = {\url{http://www.searle.wales/}},
  title          = {My simple Z80 design}
}

@misc{searle2,
  author         = {Grant Searle},
  howpublished   = {\url{http://www.searle.wales/}},
  title          = {7-chip Z80 computer}
}

@misc{dastaZ80github,
  author       = {David Asta},
  howpublished = {\url{https://github.com/dasta400/dzOS}},
  title        = {dzOS Github Repository},
  year         = {2022}
}

@misc{dastaZ80githubsoft,
  author       = {David Asta},
  howpublished = {\url{https://github.com/dasta400/dzSoftware}},
  title        = {Software for dzOS Github Repository},
  year         = {2022}
}